@inproceedings{near2012rubicon,
  title={Rubicon: bounded verification of web applications},
  author={Near, Joseph P and Jackson, Daniel},
  booktitle={Proceedings of the ACM SIGSOFT 20th International Symposium on the Foundations of Software Engineering},
  pages={60},
  year={2012},
  organization={ACM}
}

@online{railsTest,
  author = {Ruby on Rails},
  title = {A Guide to Testing Rails Applications},
  year = 2017,
  url = {http://guides.rubyonrails.org/testing.html},
  urldate = {27-04-2017}
}

@online{railsTableType,
  author = {Ruby on Rails},
  title = {ActiveRecord::ConnectionAdapters::SchemaStatements},
  year = 2017,
  url = {http://api.rubyonrails.org/classes/ActiveRecord/ConnectionAdapters/SchemaStatements.html#method-i-add_column},
  urldate = {27-04-2017}
}


@online{ZDNetDisasters,
  author = {Colin Barker},
  title = {The top 10 IT disasters of all time},
  year = 2007,
  url = {http://www.zdnet.com/article/the-top-10-it-disasters-of-all-time/},
  urldate = {27-04-2017}
}

@online{Ariane5,
  author = {James Gliek},
  title = {A Bug and a Crash},
  year = 1996,
  url = {https://around.com/ariane.html},
  urldate = {27-04-2017}
}

@online{TOIBE,
  author = {TOIBE},
  title = {A Bug and a Crash},
  year = 2016,
  url = {http://www.tiobe.com/tiobe-index/},
  urldate = {28-11-2016}
}

@online{AboutRuby,
  author = {Ruby},
  title = {About Ruby},
  year = 2016,
  url = {https://www.ruby-lang.org/en/about/},
  urldate = {28-11-2016}
}
@online{Django,
  author = {Django},
  title = {Django faq},
  year = 2017,
  url = {https://docs.djangoproject.com/en/1.11/faq/},
  urldate = {27-04-2017}
}



@online{Alexa,
  author = {Alexa},
  title = {The top 500 websites},
  year = 2017,
  url = {http://www.alexa.com/topsites},
  urldate = {27-04-2017}
}


@online{SHUUP,
  author = {SHUUP},
  title = {25 OF THE MOST POPULAR PYTHON AND DJANGO WEBSITES},
  year = 2015,
  url = {https://www.shuup.com/en/blog/25-of-the-most-popular-python-and-django-websites/},
  urldate = {27-04-2017}
}

@online{Coderfactory,
  author = {Coderfactory},
  title = {Top 15 sites built with Ruby on Rails},
  year = 2017,
  url = {https://www.coderfactoryacademy.edu.au/posts/top-15-sites-built-with-ruby-on-rails},
  urldate = {27-04-2017}
}

@online{Infoq,
  author = {Infoq},
  title = {Facebook: MVC Does Not Scale, Use Flux Instead},
  year = 2014,
  url = {https://www.infoq.com/news/2014/05/facebook-mvc-flux},
  urldate = {27-04-2017}
}



@inproceedings{NISTReport,
  title={The Economic Impacts of Inadequate Infrastructure for Software Testing},
  author={RTI},
  booktitle={Planning Report 02-3 The Economic Impacts of Inadequate Infrastructure for Software Testing},
  pages={309},
  year={2002},
  organization={NIST}
}

@article{mcquaid2012software,
  title={Software disastersâ€”understanding the past, to improve the future},
  author={McQuaid, Patricia A},
  journal={Journal of Software: Evolution and Process},
  volume={24},
  number={5},
  pages={459--470},
  year={2012},
  publisher={Wiley Online Library}
}

@article{nidhra2012blackbox,
  title={Blackbox and whitebox testing techniques-a literature review},
  author={Nidhra, Srinivas and Dondeti, Jagruthi},
  journal={International Journal of Embedded Systems and Applications (IJESA)},
  volume={2},
  number={2},
  pages={29--50},
  year={2012}
}

@book{young2008software,
  title={Software Testing and Analysis: Process, Principles, and Techniques},
  author={Young, M.},
  isbn={9788126517732},
  url={https://books.google.co.uk/books?id=7x10CgAAQBAJ},
  year={2008},
  publisher={Wiley India Pvt. Limited}
}


@book{myers2011art,
  title={The art of software testing},
  author={Myers, Glenford J and Sandler, Corey and Badgett, Tom},
  year={2011},
  publisher={John Wiley \& Sons}
}

@article{anand2013orchestrated,
  title={An orchestrated survey of methodologies for automated software test case generation},
  author={Anand, Saswat and Burke, Edmund K and Chen, Tsong Yueh and Clark, John and Cohen, Myra B and Grieskamp, Wolfgang and Harman, Mark and Harrold, Mary Jean and Mcminn, Phil and others},
  journal={Journal of Systems and Software},
  volume={86},
  number={8},
  pages={1978--2001},
  year={2013},
  publisher={Elsevier}
}